@article{reactive_aggregator,
	title = {General incremental sliding-window aggregation},
	author = {Tangwongsan, Kanat and Hirzel, Martin and Schneider, Scott and Wu, Kun-Lung},
	journal = {Proceedings of the VLDB Endowment},
	volume = {8},
	number = {7},
	pages = {702--713},
	publisher = {VLDB Endowment},
	year = 2015
}
